@article{mantel1906problem,
  title={Problem 28},
  author={Motzkin, T. and Straus, E.},
  journal={Wiskundige Opgaven},
  volume={10},
  pages={60-61},
  year={1907},
}

@article{Erds1947SomeRO,
  title={Some remarks on the theory of graphs},
  author={Paul Erd\H{o}s},
  journal={Bulletin of the American Mathematical Society},
  year={1947},
  volume={53},
  pages={292-294},
}

@article{Erdos-SzekeresThm,
    author = {Erd\H{o}s, P. and Szekeres, G.},
    title = {A combinatorial problem in geometry},
    journal = {Compositio Math},
    volume = {2} ,
    pages = {463-470},
    year = {1935}
}

@article{SpernerThm,
    author = {Sperner E.},
    title = {Ein Satz über Untermengen einer endlichen Menge (in German)},
    journal = {Math. Z.},
    volume = {27} ,
    pages = {544–548},
    year = {1928}
}
@article{LYMinequality,
    author = {Lubell, D.},
    title = {A short proof of Sperner's lemma},
    journal = {Journal of Combinatorial Theory},
    volume = {1(2)},
    page= {299},
    year = {1996}
} 

@book{TheProbabilisticMethod,
    author = {Alon N., Spencer H.},
    title = {The Probabilistic Method, 4th Edition},
    publisher = {Wiley},
    year = {2016}
}

@article{Turan1941Thm,
    author = {Tur\'an P.},
    title = {On an extremal problem in graph theory},
    journal = {Math. Fiz. Lapok},
    volume = {48},
    page = {436-452},
    year = {1941}
}

@article {Motzkin1965sym,
    AUTHOR = {Motzkin, T. S. and Straus, E. G.},
     TITLE = {Maxima for graphs and a new proof of a theorem of {T}ur\'{a}n},
   JOURNAL = {Canadian J. Math.},
  FJOURNAL = {Canadian Journal of Mathematics. Journal Canadien de
              Math\'{e}matiques},
    VOLUME = {17},
      YEAR = {1965},
     PAGES = {533--540},
      ISSN = {0008-414X,1496-4279},
   MRCLASS = {05.50},
  MRNUMBER = {175813},
MRREVIEWER = {F.\ Harary},
       DOI = {10.4153/CJM-1965-053-6},
       URL = {https://doi.org/10.4153/CJM-1965-053-6},
}

@article {Malec2023local,
    AUTHOR = {Malec, David and Tompkins, Casey},
     TITLE = {Localized versions of extremal problems},
   JOURNAL = {European J. Combin.},
  FJOURNAL = {European Journal of Combinatorics},
    VOLUME = {112},
      YEAR = {2023},
     PAGES = {Paper No. 103715, 11},
      ISSN = {0195-6698,1095-9971},
   MRCLASS = {05D05 (05C35 05C65)},
  MRNUMBER = {4568750},
MRREVIEWER = {Sam\ Spiro},
       DOI = {10.1016/j.ejc.2023.103715},
       URL = {https://doi.org/10.1016/j.ejc.2023.103715},
}

@article{bradavc2022generalization,
  title={A generalization of {T}ur\'an's theorem},
  author={Brada{\v{c}}, Domagoj},
  journal={arXiv preprint arXiv:2205.08923},
  year={2022}
}

@techreport{caro1979new,
  title={New results on the independence number},
  author={Caro, Y.},
  year={1979},
  institution={Technical report Tel Aviv University}
}

@techreport{wei1981lower,
  title={A lower bound on the stability number of a simple graph},
  author={Wei, V.},
  year={1981},
  institution={Bell Laboratories Technical Memorandum}
}

@article {erdos1946linear,
    AUTHOR = {Erd\"{o}s, P. and Stone, A. H.},
     TITLE = {On the structure of linear graphs},
   JOURNAL = {Bull. Amer. Math. Soc.},
  FJOURNAL = {Bulletin of the American Mathematical Society},
    VOLUME = {52},
      YEAR = {1946},
     PAGES = {1087--1091},
      ISSN = {0002-9904},
   MRCLASS = {56.0X},
  MRNUMBER = {18807},
MRREVIEWER = {H.\ S. M. Coxeter},
       DOI = {10.1090/S0002-9904-1946-08715-7},
       URL = {https://doi.org/10.1090/S0002-9904-1946-08715-7},
}

@article {erdos1966limit,
    AUTHOR = {Erd\H{o}s, P. and Simonovits, M.},
     TITLE = {A limit theorem in graph theory},
   JOURNAL = {Studia Sci. Math. Hungar.},
  FJOURNAL = {Studia Scientiarum Mathematicarum Hungarica. Combinatorics,
              Geometry and Topology (CoGeTo)},
    VOLUME = {1},
      YEAR = {1966},
     PAGES = {51--57},
      ISSN = {0081-6906,1588-2896},
   MRCLASS = {05.40},
  MRNUMBER = {205876},
MRREVIEWER = {W.\ Moser},
}

@article {erdos1962Rademacher,
    AUTHOR = {Erd\H{o}s, P.},
     TITLE = {On a theorem of {R}ademacher-{T}ur\'{a}n},
   JOURNAL = {Illinois J. Math.},
  FJOURNAL = {Illinois Journal of Mathematics},
    VOLUME = {6},
      YEAR = {1962},
     PAGES = {122--127},
      ISSN = {0019-2082},
   MRCLASS = {05.40},
  MRNUMBER = {137661},
MRREVIEWER = {C.\ Y.\ Chao},
       URL = {http://projecteuclid.org/euclid.ijm/1255631811},
}

@article {Katona1964exist,
    AUTHOR = {Katona, Gyula and Nemetz, Tibor and Simonovits, Mikl\'{o}s},
     TITLE = {On a problem of {T}ur\'{a}n in the theory of graphs},
   JOURNAL = {Mat. Lapok},
  FJOURNAL = {Matematikai Lapok. Bolyai J\'{a}nos Matematikai T\'{a}rsulat},
    VOLUME = {15},
      YEAR = {1964},
     PAGES = {228--238},
      ISSN = {0025-519X},
   MRCLASS = {55.10 (05.40)},
  MRNUMBER = {172263},
}


@article{Mubayi2006AHE,
  title={A hypergraph extension of {T}ur\'an's theorem},
  author={Mubayi, D.},
  journal={J. Comb. Theory, Ser. B},
  year={2006},
  volume={96},
  pages={122-134}
}


@article{Fredi2015proof,
  title={A proof of the stability of extremal graphs,
{S}imonovits' stability from {S}zemer\'edi's regularity},
  author={F\"{u}redi, Z.},
  journal={J. Comb. Theory, Ser. B},
  year={2015},
  volume={115},
  pages={66-71}
}


@article{Erds1966,
  title={A limit theorem in graph theory},
  author={Erd\H{o}s, P. and Simonovits, M.},
  journal={Studia Sci. Math. Hungar.},
  year={1966},
  volume={1},
  pages={51-57}
}


@article{Liu2020StabilityFG,
  title={Stability from graph symmetrisation arguments with applications to inducibility},
  author={Liu, H. and Pikhurko, O. and Sharifzadeh, M. and Staden, K.},
  journal={Journal of the London Mathematical Society},
  year={2020},
  volume={108},
  url={https://api.semanticscholar.org/CorpusID:229339654}
}


@article{Balogh2019MakingKG,
  title={Making $K_{r+1}$-free graphs $r$-partite},
  author={Balogh, J. and Clemen, F. C. and Lavrov, M. and Lidický, B. and Pfender, F.},
  journal={Comb. Probab. Comput.},
  year={2019},
  volume={30},
  pages={609-618},
  url={https://api.semanticscholar.org/CorpusID:203610267}
}


@article{Liu2021AUA,
  title={A unified approach to hypergraph stability},
  author={Liu, X. and Mubayi, D. and Reiher, C.},
  journal={J. Comb. Theory, Ser. B},
  year={2021},
  volume={158},
  pages={36-62},
  url={https://api.semanticscholar.org/CorpusID:232478541}
}


@article{Ruzsa1978Triple,
  title={Triple systems with no six points carrying three triangles},
  author={Ruzsa, I. Z. and Szemer\'edi, E.},
  journal={Combinatorics (Keszthely, 1976), Coll. Math. Soc. J. Bolyai},
  year={1978},
  volume={18},
  pages={939-945}
}


@article{HATAMI2013722,
title = {On the number of pentagons in triangle-free graphs},
journal = {Journal of Combinatorial Theory, Series A},
volume = {120},
number = {3},
pages = {722-732},
year = {2013},
issn = {0097-3165},
doi = {https://doi.org/10.1016/j.jcta.2012.12.008},
url = {https://www.sciencedirect.com/science/article/pii/S0097316512001914},
author = {Hamed Hatami and Jan Hladký et al},
keywords = {Pentagon density, Triangle-free graphs, Extremal graph theory},
}

@article{ANDRASFAI1974205,
title = {On the connection between chromatic number, maximal clique and minimal degree of a graph},
journal = {Discrete Mathematics},
volume = {8},
number = {3},
pages = {205-218},
year = {1974},
issn = {0012-365X},
doi = {https://doi.org/10.1016/0012-365X(74)90133-2},
url = {https://www.sciencedirect.com/science/article/pii/0012365X74901332},
author = {B. Andrásfai and P. Erdös and V.T. Sós},
}


@article{ALON2016146,
	title = {Many T copies in H-free graphs},
	journal = {Journal of Combinatorial Theory, Series B},
	volume = {121},
	pages = {146-172},
	year = {2016},
	note = {Fifty years of The Journal of Combinatorial Theory},
	issn = {0095-8956},
	doi = {https://doi.org/10.1016/j.jctb.2016.03.004},
	url = {https://www.sciencedirect.com/science/article/pii/S0095895616000290},
	author = {Noga Alon and Clara Shikhelman},
	keywords = {Extremal graph theory, -free graphs, Projective norm graphs, Complete graphs, Complete bipartite graphs},
}


@inproceedings{inproceedings,
	author = {Gishboliner, Lior and Shapira, Asaf},
	year = {2018},
	month = {06},
	pages = {760-772},
	title = {A generalized Turán problem and its applications},
	doi = {10.1145/3188745.3188778}
}


@article{1959On,
	title={On maximal paths and circuits of graphs},
	author={ Erds, P.  and  Gallai, T. },
	journal={Acta Mathematica Academiae Scientiarum Hungarica},
	volume={10},
	number={3},
	pages={337-356},
	year={1959},
}


@article{article,
	author = {Brandt, Stephan},
	year = {2003},
	month = {12},
	pages = {693-696},
	title = {Note: On the Structure of Graphs with Bounded Clique Number},
	volume = {23},
	journal = {Combinatorica}
}


@article{Grzesik2011OnTM,
	title={On the maximum number of five-cycles in a triangle-free graph},
	author={Andrzej Grzesik},
	journal={J. Comb. Theory, Ser. B},
	year={2011},
	volume={102},
	pages={1061-1066},
	url={https://api.semanticscholar.org/CorpusID:28546706}
}


@article {MR0151956,
	AUTHOR = {Erd\H{o}s, P.},
	TITLE = {On the number of complete subgraphs contained in certain
	graphs},
	JOURNAL = {Magyar Tud. Akad. Mat. Kutat\'{o} Int. K\"{o}zl.},
	FJOURNAL = {A Magyar Tudom\'{a}nyos Akad\'{e}mia. Matematikai Kutat\'{o}
	Int\'{e}zet\'{e}nek K\"{o}zlem\'{e}nyei},
	VOLUME = {7},
	YEAR = {1962},
	PAGES = {459--464},
	ISSN = {0541-9514},
	MRCLASS = {55.10 (05.65)},
	MRNUMBER = {151956},
	MRREVIEWER = {J.\ W.\ Moon},
}


@article{ERDOS198881,
	title = {Problems and results in combinatorial analysis and graph theory},
	journal = {Discrete Mathematics},
	volume = {72},
	number = {1},
	pages = {81-92},
	year = {1988},
	issn = {0012-365X},
	doi = {https://doi.org/10.1016/0012-365X(88)90196-3},
	url = {https://www.sciencedirect.com/science/article/pii/0012365X88901963},
	author = {Paul Erdős}
}


@InProceedings{10.1007/BFb0066181,
author="Erd{\"o}s, Paul",
editor="Berge, Claude
and Ray-Chaudhuri, Dijen",
title="Extremal problems on graphs and hypergraphs",
booktitle="Hypergraph Seminar",
year="1974",
publisher="Springer Berlin Heidelberg",
address="Berlin, Heidelberg",
pages="75--84",
isbn="978-3-540-37803-7"
}


@article{1968A,
  title={A method for solving extremal problems in graph theory, stability problems},
  author={ Simonovits, M. },
  journal={theory of graphs proc.colloq .many},
  year={1968},
}
@article{Nikiforov2007GraphsWM,
  title={Graphs with many r‐cliques have large complete r‐partite subgraphs},
  author={Vladimir Nikiforov},
  journal={Bulletin of the London Mathematical Society},
  year={2007},
  volume={40},
  url={https://api.semanticscholar.org/CorpusID:8094255}
}
@article {MR2680230,
    AUTHOR = {Balogh, J\'{o}zsef and Samotij, Wojciech},
     TITLE = {Almost all {$C_4$}-free graphs have fewer than
              {$(1-\epsilon){\rm ex}(n,C_4)$} edges},
   JOURNAL = {SIAM J. Discrete Math.},
  FJOURNAL = {SIAM Journal on Discrete Mathematics},
    VOLUME = {24},
      YEAR = {2010},
    NUMBER = {3},
     PAGES = {1011--1018},
      ISSN = {0895-4801,1095-7146},
   MRCLASS = {05C35 (05A16 05C30 05D40)},
  MRNUMBER = {2680230},
MRREVIEWER = {Peter\ Kirschenhofer},
       DOI = {10.1137/09074989X},
       URL = {https://doi.org/10.1137/09074989X},
}


@article {Erdos1969,
    AUTHOR = {P. Erd\H{o}s and M. Simonovits},
     TITLE = {Some extremal problems in graph theory},
   JOURNAL = {combinatorial theory
and its applications},
      YEAR = {1969},
     PAGES = {377--390}, 
}

@article {MR0159319,
    AUTHOR = {Erd\H{o}s, P.},
     TITLE = {On a problem in graph theory},
   JOURNAL = {Math. Gaz.},
  FJOURNAL = {The Mathematical Gazette},
    VOLUME = {47},
      YEAR = {1963},
     PAGES = {220--223},
      ISSN = {0025-5572,2056-6328},
   MRCLASS = {55.10 (05.40)},
  MRNUMBER = {159319},
MRREVIEWER = {J.\ W.\ Moon},
       DOI = {10.2307/3613396},
       URL = {https://doi.org/10.2307/3613396},
}
@inproceedings{kHovari1954problem,
  title={On a problem of Zarankiewicz},
  author={K{\H{o}}v{\'a}ri, P and T S{\'o}s, Vera and Tur{\'a}n, P{\'a}l},
  booktitle={Colloquium Mathematicum},
  volume={3},
  pages={50--57},
  year={1954},
  organization={Polska Akademia Nauk}
}
@article{pikhurko2012note,
  title={A note on the Tur{\'a}n function of even cycles},
  author={Pikhurko, Oleg},
  journal={Proceedings of the American Mathematical Society},
  volume={140},
  number={11},
  pages={3687--3692},
  year={2012}
}
@article{fischer2001lower,
  title={A lower bound for families of Natarajan dimension d},
  author={Fischer, Paul and Matou{\v{s}}ek, Ji{\v{r}}{\i}́},
  journal={Journal of Combinatorial Theory, Series A},
  volume={95},
  number={1},
  pages={189--195},
  year={2001},
  publisher={Academic Press}
}
、@article{shkredov2015sums,
  title={On sums of Szemer{\'e}di-Trotter sets},
  author={Shkredov, Ilya D},
  journal={Proceedings of the Steklov Institute of Mathematics},
  volume={289},
  number={1},
  pages={300--309},
  year={2015},
  publisher={Springer}
}

@article {Furedi1991,
    AUTHOR = {F\"{u}redi, Zolt\'{a}n},
     TITLE = {On a {T}ur\'{a}n type problem of {E}rd\H{o}s},
   JOURNAL = {Combinatorica},
  FJOURNAL = {Combinatorica. An International Journal on Combinatorics and
              the Theory of Computing},
    VOLUME = {11},
      YEAR = {1991},
    NUMBER = {1},
     PAGES = {75--79},
      ISSN = {0209-9683},
   MRCLASS = {05C35 (05C75)},
  MRNUMBER = {1112277},
       DOI = {10.1007/BF01375476},
       URL = {https://doi.org/10.1007/BF01375476},
}

@incollection {Alon2003,
    AUTHOR = {Alon, Noga and Krivelevich, Michael and Sudakov, Benny},
     TITLE = {Tur\'{a}n numbers of bipartite graphs and related
              {R}amsey-type questions},
      NOTE = {Special issue on Ramsey theory},
   JOURNAL = {Combin. Probab. Comput.},
  FJOURNAL = {Combinatorics, Probability and Computing},
    VOLUME = {12},
      YEAR = {2003},
    NUMBER = {5-6},
     PAGES = {477--494},
      ISSN = {0963-5483,1469-2163},
   MRCLASS = {05C35 (05C55 05D10 05D40)},
  MRNUMBER = {2037065},
MRREVIEWER = {Sheshayya\ A.\ Choudum},
       DOI = {10.1017/S0963548303005741},
       URL = {https://doi.org/10.1017/S0963548303005741},
}

@article {Wuzhou,
    AUTHOR = {Fern\'{a}ndez, Irene Gil and Hyde, Joseph and Liu, Hong and
              Pikhurko, Oleg and Wu, Zhuo},
     TITLE = {Disjoint isomorphic balanced clique subdivisions},
   JOURNAL = {J. Combin. Theory Ser. B},
  FJOURNAL = {Journal of Combinatorial Theory. Series B},
    VOLUME = {161},
      YEAR = {2023},
     PAGES = {417--436},
      ISSN = {0095-8956,1096-0902},
   MRCLASS = {05C35 (05C83)},
  MRNUMBER = {4574531},
       DOI = {10.1016/j.jctb.2023.03.002},
       URL = {https://doi.org/10.1016/j.jctb.2023.03.002},
}

@article{conlon2021extremal,
  title={On the extremal number of subdivisions},
  author={Conlon, David and Lee, Joonkyung},
  journal={International Mathematics Research Notices},
  volume={2021},
  number={12},
  pages={9122--9145},
  year={2021},
  publisher={Oxford University Press}
}

@article{sidorenko1991inequalities,
  title={Inequalities for functionals generated by bipartite graphs},
  author={Sidorenko, Alexander F},
  journal={Diskretnaya Matematika},
  volume={3},
  number={3},
  pages={50--65},
  year={1991},
  publisher={Russian Academy of Sciences, Steklov Mathematical Institute of Russian~…}
}

@article{hatami2010graph,
  title={Graph norms and Sidorenko’s conjecture},
  author={Hatami, Hamed},
  journal={Israel Journal of Mathematics},
  volume={175},
  pages={125--150},
  year={2010},
  publisher={Springer}
}

@article{li2011logarithimic,
  title={On the logarithimic calculus and Sidorenko's conjecture},
  author={Li, JL and Szegedy, Bal{\'a}zs},
  journal={arXiv preprint arXiv:1107.1153},
  year={2011}
}

@article{conlon2010approximate,
  title={An approximate version of Sidorenko’s conjecture},
  author={Conlon, David and Fox, Jacob and Sudakov, Benny},
  journal={Geometric and Functional Analysis},
  volume={20},
  pages={1354--1366},
  year={2010},
  publisher={Springer}
}

@article{conlon2017finite,
  title={Finite reflection groups and graph norms},
  author={Conlon, David and Lee, Joonkyung},
  journal={Advances in Mathematics},
  volume={315},
  pages={130--165},
  year={2017},
  publisher={Elsevier}
}

@article{conlon2018sidorenko,
  title={Sidorenko's conjecture for blow-ups},
  author={Conlon, David and Lee, Joonkyung},
  journal={arXiv preprint arXiv:1809.01259},
  year={2018}
}
@article{bondy1974cycles,
  title={Cycles of even length in graphs},
  author={Bondy, John A and Simonovits, Mikl{\'o}s},
  journal={Journal of Combinatorial Theory, Series B},
  volume={16},
  number={2},
  pages={97--105},
  year={1974},
  publisher={Elsevier}
}

@article{lazebnik1999polarities,
  title={Polarities and 2k-cycle-free graphs},
  author={Lazebnik, Felix and Ustimenko, Vasiliy A and Woldar, Andrew J},
  journal={Discrete Mathematics},
  volume={197},
  pages={503--513},
  year={1999},
  publisher={Elsevier}
}
@article{thomassen2007chromatic,
  title={On the chromatic number of pentagon-free graphs of large minimum degree},
  author={Thomassen, Carsten},
  journal={Combinatorica},
  volume={27},
  number={2},
  pages={241--243},
  year={2007},
  publisher={Springer-Verlag Berlin, Heidelberg}
}

@article{gao2023extremal,
  title={Extremal number of graphs from geometric shapes},
  author={Gao, Jun and Janzer, Oliver and Liu, Hong and Xu, Zixiang},
  journal={arXiv preprint arXiv:2303.13380},
  year={2023}
}

@article{bradavc2023turan,
  title={The Tur{\'a}n number of the grid},
  author={Brada{\v{c}}, Domagoj and Janzer, Oliver and Sudakov, Benny and Tomon, Istv{\'a}n},
  journal={Bulletin of the London Mathematical Society},
  volume={55},
  number={1},
  pages={194--204},
  year={2023},
  publisher={Wiley Online Library}
}

@article{erdHos1982compactness,
  title={Compactness results in extremal graph theory},
  author={Erd{\H{o}}s, Paul and Simonovits, Miklos},
  journal={Combinatorica},
  volume={2},
  pages={275--288},
  year={1982},
  publisher={Springer}
}

@inproceedings{janzer2024turan,
  title={On the Tur{\'a}n number of the hypercube},
  author={Janzer, Oliver and Sudakov, Benny},
  booktitle={Forum of Mathematics, Sigma},
  volume={12},
  pages={e38},
  year={2024},
  organization={Cambridge University Press}
}

@article{kim2022rainbow,
  title={Rainbow cycles in properly edge-colored graphs},
  author={Kim, Jaehoon and Lee, Joonkyung and Liu, Hong and Tran, Tuan},
  journal={arXiv preprint arXiv:2211.03291},
  year={2022}
}

@article{erdosrationalconj,
    author =  {Erd{\H{o}}s, P.},
    title = {On the combinatorial problems which I would most like to see solved},
    journal = {Combinatorica},
    volume = {1},
    year = {1981},
    pages = {25–42}
}

@article{BukhandConlon,
    author = {Boris Bukh and David Conlon},
    title = {Rational exponents in extremal graph theory},
    journal = {J. Eur. Math. Soc. },
    year = {2018},
    volume = {20},
    pages = {1747-1757}
}

@article{KANG2021149,
title = {On the rational Turán exponents conjecture},
journal = {Journal of Combinatorial Theory, Series B},
volume = {148},
pages = {149-172},
year = {2021},
issn = {0095-8956},
author = {Dong Yeap Kang and Jaehoon Kim and Hong Liu},
}

@article{Bollobassetpair,
    author = {Bollobás B.} ,
    title = {On generalized graphs},
    journal = {Acta Mathematica Academiae Scientiarum Hungaricae},
    year = {1965},
    volume = {16},
    pages = {447–452}
}

@article{2023Bollobasskew,
  author = {Gábor Hegedüs and Péter Frankl},
  title = {Variations on the Bollobás set-pair theorem},
  journal = {arXiv preprint},
  year = {2023},
  doi = {arXiv:2307.14704},
}

@article{ALON1985211,
title = {A Simple Proof of the Upper Bound Theorem},
journal = {European Journal of Combinatorics},
volume = {6},
number = {3},
pages = {211-214},
year = {1985},
issn = {0195-6698},
doi = {https://doi.org/10.1016/S0195-6698(85)80029-9},
}


@article {dilworth1950decompo,
    AUTHOR = {Dilworth, R. P.},
     TITLE = {A decomposition theorem for partially ordered sets},
   JOURNAL = {Ann. of Math. (2)},
  FJOURNAL = {Annals of Mathematics. Second Series},
    VOLUME = {51},
      YEAR = {1950},
     PAGES = {161--166},
      ISSN = {0003-486X},
   MRCLASS = {09.1X},
  MRNUMBER = {32578},
MRREVIEWER = {P.\ M.\ Whitman},
       DOI = {10.2307/1969503},
       URL = {https://doi.org/10.2307/1969503},
}

@article {tuza1985critical,
    AUTHOR = {Tuza, Zsolt},
     TITLE = {Critical hypergraphs and intersecting set-pair systems},
   JOURNAL = {J. Combin. Theory Ser. B},
  FJOURNAL = {Journal of Combinatorial Theory. Series B},
    VOLUME = {39},
      YEAR = {1985},
    NUMBER = {2},
     PAGES = {134--145},
      ISSN = {0095-8956,1096-0902},
   MRCLASS = {05C65 (05A05)},
  MRNUMBER = {811117},
MRREVIEWER = {Noga\ Alon},
       DOI = {10.1016/0095-8956(85)90043-7},
       URL = {https://doi.org/10.1016/0095-8956(85)90043-7},
}

@article {erdos1945littlewood,
    AUTHOR = {Erd\"{o}s, P.},
     TITLE = {On a lemma of {L}ittlewood and {O}fford},
   JOURNAL = {Bull. Amer. Math. Soc.},
  FJOURNAL = {Bulletin of the American Mathematical Society},
    VOLUME = {51},
      YEAR = {1945},
     PAGES = {898--902},
      ISSN = {0002-9904},
   MRCLASS = {60.0X},
  MRNUMBER = {14608},
MRREVIEWER = {M.\ Kac},
       DOI = {10.1090/S0002-9904-1945-08454-7},
       URL = {https://doi.org/10.1090/S0002-9904-1945-08454-7},
}

@article{kHonig1931grafok,
  title={Gr{\'a}fok {\'e}s m{\'a}trixok},
  author={K{\H{o}}nig, D{\'e}nes},
  journal={Matematikai {\'e}s Fizikai Lapok},
  volume={38},
  pages={116--119},
  year={1931}
}

@article {LarmanDavidet1994,
    AUTHOR = {Larman, David and Matou\v{s}ek, Ji\v{r}\'{\i} and Pach,
              J\'{a}nos and T\"{o}r\H{o}csik, Jen\H{o}},
     TITLE = {A {R}amsey-type result for convex sets},
   JOURNAL = {Bull. London Math. Soc.},
  FJOURNAL = {The Bulletin of the London Mathematical Society},
    VOLUME = {26},
      YEAR = {1994},
    NUMBER = {2},
     PAGES = {132--136},
      ISSN = {0024-6093,1469-2120},
   MRCLASS = {52A37 (05D10)},
  MRNUMBER = {1272297},
MRREVIEWER = {Wen\ Li\ Chen},
       DOI = {10.1112/blms/26.2.132},
       URL = {https://doi.org/10.1112/blms/26.2.132},
}

@article {mirsky1971dual,
    AUTHOR = {Mirsky, L.},
     TITLE = {A dual of {D}ilworth's decomposition theorem},
   JOURNAL = {Amer. Math. Monthly},
  FJOURNAL = {American Mathematical Monthly},
    VOLUME = {78},
      YEAR = {1971},
     PAGES = {876--877},
      ISSN = {0002-9890,1930-0972},
   MRCLASS = {06.20},
  MRNUMBER = {288054},
MRREVIEWER = {Richard\ Stanley},
       DOI = {10.2307/2316481},
       URL = {https://doi.org/10.2307/2316481},
}

@article{KLEITMAN1966153,
title = {Families of Non-disjoint subsets},
journal = {Journal of Combinatorial Theory},
volume = {1},
number = {1},
pages = {153-155},
year = {1966},
issn = {0021-9800},
doi = {https://doi.org/10.1016/S0021-9800(66)80012-1},
url = {https://www.sciencedirect.com/science/article/pii/S0021980066800121},
author = {Daniel J. Kleitman}
}

@article{Erds1960IntersectionTF,
  title={Intersection Theorems for Systems of Sets},
  author={Paul Erd{\"o}s and Richard Rado},
  journal={Journal of The London Mathematical Society-second Series},
  year={1960},
  pages={85-90},
  url={https://api.semanticscholar.org/CorpusID:16014300}
}

@article{Alweiss2019ImprovedBF,
  title={Improved bounds for the sunflower lemma},
  author={Ryan Alweiss and Shachar Lovett and Kewen Wu and Jiapeng Zhang},
  journal={Proceedings of the 52nd Annual ACM SIGACT Symposium on Theory of Computing},
  year={2019},
  url={https://api.semanticscholar.org/CorpusID:201314765}
}

@article{Rao2019CodingFS,
  title={Coding for Sunflowers},
  author={Anup B. Rao},
  journal={ArXiv},
  year={2019},
  volume={abs/1909.04774},
  url={https://api.semanticscholar.org/CorpusID:202558957}
}

@article{erdos1961intersection,
  title={Intersection theorems for systems op finite sets},
  author={Erdos, Paul},
  journal={Quart. J. Math. Oxford Ser.(2)},
  volume={12},
  pages={313--320},
  year={1961}
}

@article{katona1964intersection,
  title={Intersection theorems for systems of finite sets},
  author={Katona, Gyula},
  journal={Acta Mathematica Academiae Scientiarum Hungaricae},
  volume={15},
  number={3-4},
  pages={329--337},
  year={1964},
  publisher={Akad{\'e}miai Kiad{\'o}}
}

@article{balogh2015intersecting,
  title={Intersecting families of discrete structures are typically trivial},
  author={Balogh, J{\'o}zsef and Das, Shagnik and Delcourt, Michelle and Liu, Hong and Sharifzadeh, Maryam},
  journal={Journal of Combinatorial Theory, Series A},
  volume={132},
  pages={224--245},
  year={2015},
  publisher={Elsevier}
}
@misc{tomon2022lower,
      title={Lower bounds for piercing and coloring boxes}, 
      author={István Tomon},
      year={2022},
      eprint={2209.09887},
      archivePrefix={arXiv},
      primaryClass={math.CO}
}
@article{Erds1961INTERSECTIONTF,
  title={INTERSECTION THEOREMS FOR SYSTEMS OF FINITE SETS},
  author={Paul Erd{\"o}s and Chao Ko and Richard Rado},
  journal={Quarterly Journal of Mathematics},
  year={1961},
  volume={12},
  pages={313-320},
  url={https://api.semanticscholar.org/CorpusID:17189441}
}